<?xml version="1.0" encoding="UTF-8"?>
<collection xmlns:xsi="http://www.w3.org/2001/XMLSchema-instance" xsi:schemaLocation="http://www.loc.gov/MARC21/slim http://www.loc.gov/standards/marcxml/schema/MARC21slim.xsd" xmlns="http://www.loc.gov/MARC21/slim">
<record>
  <leader>00829cam a22002171i 4500</leader>
  <controlfield tag="001">2957133</controlfield>
  <controlfield tag="003">NNC</controlfield>
  <controlfield tag="005">20160118123319.0</controlfield>
  <controlfield tag="008">010212s1908    ti            000 0 ara d</controlfield>
  <datafield tag="035" ind1=" " ind2=" ">
    <subfield code="a">(OCoLC)ocm45891273</subfield>
  </datafield>
  <datafield tag="035" ind1=" " ind2=" ">
    <subfield code="9">ASK2203CU</subfield>
  </datafield>
  <datafield tag="035" ind1=" " ind2=" ">
    <subfield code="a">(NNC)2957133</subfield>
  </datafield>
  <datafield tag="040" ind1=" " ind2=" ">
    <subfield code="a">ZCU</subfield>
    <subfield code="c">ZCU</subfield>
  </datafield>
  <datafield tag="090" ind1=" " ind2=" ">
    <subfield code="a">BP131.5</subfield>
    <subfield code="b">.M37</subfield>
  </datafield>
  <datafield tag="100" ind1="1" ind2=" ">
    <subfield code="a">Mārghanī al-Tūnisī, Ibrāhīm ibn Aḥmad.</subfield>
  </datafield>
  <datafield tag="245" ind1="1" ind2="0">
    <subfield code="a">Dalīl al-ḥayrān ʻalá mawrid al-ẓamʾān /</subfield>
    <subfield code="c">Ibrāhīm ibn Aḥmad al-Mārghanī al-Tūnisī. Wa-yalīhi, Tanbīh al-khullān ʻalā al-iʻlān bi-takm̄il mawrid al-ẓamʾān.</subfield>
  </datafield>
  <datafield tag="246" ind1="3" ind2="0">
    <subfield code="a">Tanbīh al-khullān ʻalā al-i ʻlān bi-takmīl mawrid al-ẓamʾān</subfield>
  </datafield>
  <datafield tag="260" ind1=" " ind2=" ">
    <subfield code="a">Tūnis :</subfield>
    <subfield code="b">Sāliḥ al-ʻAsalī,</subfield>
    <subfield code="c">1326 [1908].</subfield>
  </datafield>
  <datafield tag="300" ind1=" " ind2=" ">
    <subfield code="a">365 p. ;</subfield>
    <subfield code="c">24 cm.</subfield>
  </datafield>
  <datafield tag="630" ind1="0" ind2="0">
    <subfield code="a">Qurʼan</subfield>
    <subfield code="x">Readings.</subfield>
  </datafield>
  <datafield tag="955" ind1=" " ind2=" ">
    <subfield code="b">CU08168326</subfield>
    <subfield code="d">off,glx</subfield>
    <subfield code="e">BP131.5 .M37</subfield>
  </datafield>
</record>
</collection>